%% NOTE: \LaTeX's comment character `%' is not a comment character in
%% the database files.  \BibTeX allows in the database files any
%% comment that's not within an entry.
%%
%% Repositorio de arquivos .bib disponiveis on-line:
%% http://liinwww.ira.uka.de/bibliography/index.html
%% http://www.math.utah.edu/~beebe/bibliographies.html
%%
%% Se vocï¿½ tiver problemas com acentos nas entradas do BibTeX, coloque-os
%% entre { e }, como em Jo{ï¿½}o ou ainda Jo{\~a}o.

%---------------------------------------------------------
% A A A
%---------------------------------------------------------

@Article{alagtash2001,
 author = {S. Al-Agtash},
 title = {Hydrothermal scheduling by augmented lagrangian: consideration of transmission constraints and pumped-storage units},
 journal = {IEEE Transactions on Power Systems},
 year = {2001},
 volume = {16},
 number = {4},
 pages = {750-756},
}

@Article{arvanitidis1970,
 author = {N. V. Arvanitidis and J. Rosing},
 title = {Composite representation of a multireservoir hydroelectric power system},
 journal = {IEEE Transactions on Power Apparatus and Systems},
 year = {1970},
 volume = {89},
 number = {2},
 pages = {319-326},
}

%---------------------------------------------------------
% B B B
%---------------------------------------------------------

@Misc{benedito2014,
 author = {Rafael Augusto de Souza Benedito},
 title = {Planejamento de Sistemas Energéticos},
 month = {Novembro},
 year = {2014},
 url = {http://paginapessoal.utfpr.edu.br/raphaelbenedito/planejamento-de-sistemas-energeticos/aulas},
 lastchecked = {01/11/2016}
}


@Article{bernholtz1960,
 author = {B. Bernholtz and L. J. Graham},
 title = {Hydrothermal economic scheduling part 1. Solution by incremental dynamic programing. Power Apparatus and Systems, Part III},
 journal = {Transactions of the American Institute of Electrical Engineers},
 year = {1960},
 volume = {79},
 number = {3},
 pages = {921-929},
 issn = {0018-9510}
}

@Book{brownlee2011,
 author = {Brownlee, Jason},
 title = {Clever Algorithms: Nature-Inspired Programming Recipes},
 year = {2011},
 isbn = {1446785068, 9781446785065},
 edition = {1st},
 publisher = {Lulu.com},
} 

%---------------------------------------------------------
% C C C
%---------------------------------------------------------

@Article{carneiro1997,
 author = {A. A. F. M. Carneiro and J. Montanha},
 title = {Estudo da Operação Ótima de usinas Hidroelétricas através de autovalores da Matriz Hessiana},
 journal = {XVIII CILAMCE - Congresso Íbero Latino-Americano de Métodos Computacionais para Engenharia},
 year = {1997},
 volume = {II},
 pages = {887-894},
}

@Article{carvalho1987,
 author = {M. Carvalho S. Soares},
 title = {An efficient hydrothermal scheduling algorithm},
 journal = {Power Systems, IEEE Transactions},
 year = {1987},
 volume = {2},
 number = {3},
 pages = {537-542},
 issn = {0885-8950}
}

%---------------------------------------------------------
% D D D
%---------------------------------------------------------

@ARTICLE{deb2002,
 author = {K. Deb and A. Pratap and S. Agarwal and T. Meyarivan},
 title = {A Fast and Elitist Multiobjective Genetic Algorithm: {NSGA-II}},
 journal = {IEEE Transactions on Evolutionary Computation},
 year = {2002},
 volume = {6},
 pages = {182-197},
 number = {2}
}

@InProceedings{durillo2009,
 author = {Juan J. Durillo and José García-Nieto and Antonio J. Nebro and Carlos A. Coello and Francisco Luna and Enrique Alba},
 title = {Multi-Objective Particle Swarm Optimizers: An Experimental Comparison},
 booktitle = {EMO '09 Proceedings of the 5th International Conference on Evolutionary Multi-Criterion Optimization},
 pages = {495-509 },
 year = {2009},
 editor = {Springer-Verlag Berlin},
 address = {Heidelberg},
 isbn = {978-3-642-01019-4}
}


@Article{durillo2011,
 author = {Juan J. Durillo and Antônio J. Nebro},
 title = {jMetal: A Java framework for multi-objective optimization},
 journal = {Advances in Engineering Software},
 year = {2011},
 volume = {42},
 number = {10},
 pages = {760-771},
 issn = {0965-9978},
 url = {http://www.sciencedirect.com/science/article/pii/S0965997811001219}
}

%---------------------------------------------------------
% E E E
%---------------------------------------------------------

@Book{eiben2003,
 title = {Introduction to Evolutionary Computing},
 publisher = {Springer},
 year = {2003},
 author = {Gusz Eiben and Jim Smith}
}

@Book{elhawary1979,
 title = {Optimal Economic Operation of Electric Power Systems},
 publisher = {Academic Press},
 year = {1979},
 author = {E. M. El-Hawary and G. S. Christensen},
 address = {New York, NY, Estados Unidos},
 doi = {10.1002/oca.4660010412},
}

%---------------------------------------------------------
% F F F
%---------------------------------------------------------

@Article{finardi2006,
 author = {E. Finardi and E. da Silva},
 title = {Solving the hydro unit commitment problem via dual decomposition and sequential quadratic programming},
 journal = {IEEE Transactions on Power Systems},
 year = {2006},
 volume = {21},
 number = {2},
 pages = {835-844}
}

@Book{fortunato1990,
 title = {Introdução ao planejamento da expansão e operação de sistemas de produção de energia eletrica},
 publisher = {Universidade Fluminense, EDUFF},
 year = {1990},
 author = {Luiz Alberto Machado Fortunato},
 isbn = {8522801037, 9788522801039}
}

@Article{fosso1999,
 author = {O.B. Fosso and A. Gjelsvik and A. Haugstad and B. Mo and I. Wangensteen},
 title = {Generation scheduling in a deregulated system. The Norwegian case},
 journal = {IEEE Transactions on Power Systems},
 year = {1999},
 volume = {14},
 number = {1},
 pages = {75-81}
}

@Article{franco1994,
 author = {P. E. C. Franco and M. F. Carvalho and S. Soares},
 title = {A network flow model for short-term hydro-dominated hydrothermal scheduling problems},
 journal = {IEEE Transactions on Power Systems},
 year = {1994},
 volume = {9},
 number = {2},
 pages = {1016-1022}
}

@Article{fukao1959-1,
 author = {T. Fukao and T. Yamazak and S. Kimura},
 title = {An application of dynamic programming to economic operation problem of a power system},
 journal = {Electric Technical Journal of Japan},
 year = {1959},
 volume = {5},
 pages = {64}
}

@Article{fukao1959-2,
 author = {T. Fukao and T. Yamazak},
 title = {A solution method of economic operation of hydro-thermal power systems including flow-interconnected hydro-power plants},
 journal = {The Journal of the Institute of Electrical Engineers of Japan},
 year = {1959},
 volume = {7},
 number = {848},
 pages = {601-610}
}

%---------------------------------------------------------
% G G G
%---------------------------------------------------------
@MastersThesis{gomides2012,
 author = {Lauro Ramon Gomides},
 title = {Estudo de Técnicas de Otimização de Sistemas Hidrotérmicos por Enxame de Partículas},
 school = {Escola de Engenharia Elétrica e de Computação, Universidade Federal de Goiás},
 year = {2012}
}

%---------------------------------------------------------
% H H H
%---------------------------------------------------------


%---------------------------------------------------------
% I I I
%---------------------------------------------------------

%---------------------------------------------------------
% J J J
%---------------------------------------------------------

@Article{junior1996,
 author = {Gelson da Cruz Junior and S. Soares},
 title = {Non-uniform composite representation hydroelectric systems for long-term hydrothermal scheduling},
 journal = {Power Systems, IEEE Transactions},
 year = {1996},
 volume = {11},
 number = {2},
 pages = {702-707},
 issn = {0885-8950}
}


@PhdThesis{junior1998,
 author = {Gelson da Cruz Junior},
 title = {Modelo equivalente não linear para o planejamento da operação a longo prazo de sistemas de energia eletrica},
 school = {Universidade Estadual de Campinas},
 year = {1998},
 address = {Campinas, SP}
}



%---------------------------------------------------------
% K K K
%---------------------------------------------------------

@InProceedings{knowles1999,
 author = {Joshua D. Knowles and D. Corne},
 title = {The Pareto archived evolution strategy: A new baseline algorithm for multiobjective optimization},
 booktitle = {1999 Congress on Evolutionary Computation},
 pages = {98-105},
 year = {1999},
 address = {Piscataway, NJ},
 publisher = {IEEE Press},
}

@TechReport{knowles2006,
 author = {Joshua D. Knowles and Lothar Thiele and Eckart Zitzler},
 title = {A Tutorial on the Performance Assessment of Stochastic Multiobjective Optimizers},
 institution = {Computer Engineering and Networks Laboratory, ETH Zurich},
 year = {2006},
 number = {214}
}

%---------------------------------------------------------
% L L L
%---------------------------------------------------------

@Article{laumanns2002,
 author = {M. Laumanns and L. Thiele and K. Deb and E. Zitzler},
 title = {Combining Convergence and Diversity in Evolutionary Multi-objective Optimization},
 journal = {Evolutionary Computation},
 year = {2002},
 volume = {},
 number = {10},
 pages = {263-282}
}

@Article{leite2006,
 author = {Patricia Teixeira Leite and Adriano A. F. M. Carneiro and André C. P. L. F. Carvalho},
 title = {Aplicação de algoritmos genéticos na determinação da operação ótima de sistemas hidrotérmicos de potência},
 journal = {Sba Controle \& Automação},
 year = {2006},
 volume = {17},
 number = {1},
 pages = {81-88},
 issn = {0103-1759}
}

@TechReport{liefooghe2016,
 author = {Arnaud Liefooghe and Bilel Derbel},
 title = {A Correlation Analysis of Set Quality Indicator Values in Multiobjective Optimization},
 institution = {Genetic and Evolutionary Computation Conference (GECCO 2016)},
 year = {2016},
 address = {Genetic and Evolutionary Computation Conference (GECCO 2016). Denver, United States},
 url = {https://hal.archives-ouvertes.fr/hal-01159961v2}
}

@Book{luke2013,
 author = {Sean Luke},
 title = {Essentials of Metaheuristics},
 edition = {second},
 year = {2013},
 publisher = {Lulu},
 note = {Disponível gratuitamente em http://cs.gmu.edu/$\sim$sean/book/metaheuristics/}
}


%---------------------------------------------------------
% M M M
%---------------------------------------------------------

@Article{miranda1998,
 author = {V. Miranda and D. Srinivasan and L. Proença},
 title = {Evolutionary computation in power systems},
 journal = {International Journal of Electrical Power and Energy Systems},
 year = {1998},
 volume = {20},
 number = {2},
 pages = {89-98},
 issn = {0142-0615}
}

%---------------------------------------------------------
% N N N
%---------------------------------------------------------

@InProceedings{nebro2006,
    author = {Antonio J. Nebro and Juan J. Durillo and Francisco Luna and Bernab\'e. Dorronsoro and Enrique Alba},
    title  = {A Cellular Genetic Algorithm for Multiobjective Optimization},
    booktitle = {Proceedings of the Workshop on Nature Inspired Cooperative Strategies for Optimization (NICSO 2006)},
    year   = {2006},
    pages  = {25-36},
    address   = {Granada, Spain},
    editor = {David A. Pelta and Natalio Krasnogor}
}

@inproceedings{nebro2007,
    author = {Antonio J. Nebro and Juan J. Durillo and Francisco Luna and Bernab\'e Dorronsoro and Enrique Alba},
    title  = {Design Issues in a Multiobjective Cellular Genetic Algorithm},
    booktitle = {Evolutionary Multi-Criterion Optimization. 4th International Conference, EMO 2007},
    year   = {2007},
    pages  = {126-140},
    editor = {S. Obayashi and K. Deb and C. Poloni and T. Hiroyasu and T. Murata},
    publisher = {Springer},
    series = {Lecture Notes in Computer Science},
    volume = {4403}
}

@InProceedings{nebro2009,
  author = {A.J. Nebro and J.J. Durillo and J. {Garc\'ia-Nieto} and C.A. {Coello Coello} and F. Luna and E. Alba},
  title = {SMPSO: A New PSO-based Metaheuristic for Multi-objective Optimization},
  booktitle = {2009 IEEE Symposium on Computational Intelligence in Multicriteria Decision-Making (MCDM 2009)},
  pages = {66-73},
  publisher = {IEEE Press},
  year = {2009}
}

%---------------------------------------------------------
% O O O
%---------------------------------------------------------

%---------------------------------------------------------
% P P P
%---------------------------------------------------------

@TechReport{pereira1985,
 author = {M. V. F. Pereira},
 title = {Optimal scheduling of hydrothermal systems-an overview},
 institution = {Proc. IFAC Intl. Symposium on Planning and Operation of Electric Energy Systems},
 year = {1985},
 address = {Rio de Janeiro, Brasil},
}

@Article{pereira1989,
 author = {M. V. F. Pereira},
 title = {Optimal stochastic operations scheduling of large hydroelectric systems},
 journal = {Electrical Power and Energy Systems},
 year = {1989},
 volume = {11},
 number = {3},
 pages = {161-169}
}


@Article{pires2002,
 author = {José Claudio Linhares Pires and Fabio Giambiagi and Andre Franco Sales},
 title = {As Perspectivas do Setor Elétrico após o Racionamento},
 journal = {BNDES, Área de Planejamento, Gerência Executiva de Análise Econômica-GEANE},
 year = {2002}
}


%---------------------------------------------------------
% Q Q Q
%---------------------------------------------------------

%---------------------------------------------------------
% R R R
%---------------------------------------------------------

@MastersThesis{ramos2017,
 author = {Edson da Silva Ramos},
 title = {Modelos de Otimização e Simulação Dinâmicos para Sistemas Hidrotérmicos},
 school = {Escola de Engenharia Elétrica e de Computação, Universidade Federal de Goiás},
 year = {2016}
}

@PhdThesis{rampazzo2012,
 author = {Priscila Cristina Berbert Rampazzo},
 title = {Planejamento hidrelétrico: otimização multiobjetivo e abordagens evolutivas},
 school = {Universidade Estadual de Campinas},
 year = {2012}
}

@INPROCEEDINGS{reyes2005,
  author = {M. Reyes and C.A. {Coello Coello}},
  title = {Improving PSO-based Multi-objective Optimization Using Crowding,
	Mutation and $\epsilon$-dominance},
  booktitle = {Third International Conference on Evolutionary Multi\-Criterion Optimization,
	EMO 2005},
  year = {2005},
  editor = {C.A. Coello and A. Hern\'{a}ndez and E. Zitler},
  volume = {3410},
  series = {LNCS},
  pages = {509-519},
  publisher = {Springer},
  address = {Berlin, Germany},
}

@Article{riquelme2015,
 author = {Nery Riquelme and Christian Von Lücken and Benjamin Baran},
 title = {Performance metrics in multi-objective optimization},
 journal = {Computing Conference (CLEI), 2015 Latin American},
 year = {2015}
}

%---------------------------------------------------------
% S S S
%---------------------------------------------------------

@MastersThesis{silva2014,
 author = {Jonathan Cardoso Silva},
 title = {Estudo de Técnicas de Otimização Multiobjetivo de Sistemas Hidrotérmicos por Enxame de Partículas},
 school = {Escola de Engenharia Elétrica e de Computação, Universidade Federal de Goiás},
 year = {2014}
}

@Book{silverman1986,
 author = {B. W. Silverman},
 title = {Density estimation for statistics and data analysis},
 year = {1986},
 publisher = {Chapman and Hall},
 address = {London}
}

@Article{soares1980,
 author = {S. Soares and C. Lyra and H. Tavares},
 title = {Optimal generation scheduling of hydrothermal power systems},
 journal = {Power Apparatus and Systems, IEEE Transactions},
 year = {1980},
 volume = {99},
 number = {3},
 pages = {1107-1118},
 issn = {0018-9510}
}

@Article{soares1991,
 author = {S. Soares and A. A. F. M. Carneiro},
 title = {Optimal operation of reservoirs for electric generation},
 journal = {IEEE Transactions on Power Delivery},
 year = {1991},
 volume = {6},
 number = {3},
 pages = {1101-1107}
}

@Article{srinivas1995,
 author = {N. Srinivas and K. Deb},
 title = {Multiobjective function optimization using nondominated sorting genetic algorithms},
 journal = {Evol. Comput.},
 year = {1995},
 volume = {2},
 number = {3},
 pages = {221-248}
}

%---------------------------------------------------------
% T T T
%---------------------------------------------------------

@Article{tancredi2013,
 author = {Marcio Tancredi and Omar Alves Abbud},
 title = {Por que o brasil está trocando as hidrelétricas e seus reservatórios por energia mais cara e poluente?},
 journal = {Senado Federal},
 year = {2013},
 url = {http://www2.senado.gov.br/bdsf/item/id/496199}
}

@Article{turgeon1998,
 author = {A. Turgeon and R. Charbonneau},
 title = {An aggregation-disaggregation approach to long-term reservoir management},
 journal = {Water Resources Research},
 year = {1998},
 volume = {34},
 number = {12},
 pages = {3585-3594}
}


%---------------------------------------------------------
% U U U
%---------------------------------------------------------

%---------------------------------------------------------
% V V V
%---------------------------------------------------------

%---------------------------------------------------------
% W W W
%---------------------------------------------------------

@Article{wong1994,
 author = {K. Wong and Y. Wong},
 title = {Short-term hydrothermal scheduling part. i. simulated annealing approach},
 journal = {Generation, Transmission and Distribution, IEE Proceedings},
 year = {1994},
 volume = {141},
 number = {5},
 pages = {497-501},
 issn = {1350-2360}
}

@Article{wu2000,
 author = {Yong-Gang Wu and Chun-Ying Ho and Ding-Yo Wang},
 title = {A diploid genetic approach to short-term scheduling of hydro-thermal system},
 journal = {Power Systems, IEEE Transactions},
 year = {2000},
 volume = {15},
 number = {4},
 pages = {1268-1274},
 issn = {0885-8950}
}

%---------------------------------------------------------
% X X X
%---------------------------------------------------------

%---------------------------------------------------------
% Y Y Y
%---------------------------------------------------------

@Article{yang1996,
 author = {P.-C. Yang and H.-T. Yang and C.-L. Huang},
 title = {Scheduling short-term hydrothermal generation using evolutionary programming techniques},
 journal = {Generation, Transmission and Distribution, IEE Proceedings},
 year = {1996},
 volume = {143},
 number = {4},
 pages = {371-376},
 issn = {1350-2360}
}

@Article{yeh1985,
 author = {W. Yeh},
 title = {Reservoir management and operations models: a state of the art review},
 journal = {Water Resources Research},
 year = {1985},
 volume = {21},
 number = {12},
 pages = {1797-1818}
}

@Article{yu1998,
 author = {Z. Yu and F. T. Sparrow and D. Nderitu},
 title = {Long-term hydrothermal scheduling using composite thermal and composite hydro representations},
 journal = {Generation, Transmission and Distribution, IEE Proceedings},
 year = {1998},
 volume = {145},
 number = {2},
 pages = {210-216},
}

@Article{yu2007,
 author = {Binghui Yu and Xiaohui Yuan and Jinwen Wang},
 title = {Short-term hydro-thermal scheduling using particle swarm optimization method},
 journal = {Energy Conversion and Management},
 year = {2007},
 volume = {48},
 number = {7},
 pages = {1902-1908},
 issn = {0196-8904}
}

%---------------------------------------------------------
% Z Z Z
%---------------------------------------------------------

@Article{zitzler1999,
 author = {Eckart Zitzler and Lothar Thiele},
 title = {Multiobjective evolutionary algorithms: a comparative case study and the strength Pareto approach},
 journal = {IEEE Transactions on Evolutionary Computation},
 year = {1999},
 volume = {3},
 number = {4},
 pages = {257-271}
}

@PhdThesis{zitzler1999-2,
 author = {Eckart Zitzler},
 title = {Evolutionary algorithms for multiobjective optimization: Methods and applications},
 school = {Swiss Federal Institute of Technology (ETH)},
 year = {1999},
 address = {Zurich, Switzerland}
}

@TECHREPORT{zitzler2001,
  author = {Eckart Zitzler and Marco Laumanns and Lothar Thiele},
  title = {{SPEA2}: Improving the Strength Pareto Evolutionary Algorithm},
  institution = {Computer Engineering and Networks Laboratory (TIK), Swiss Federal
	Institute of Technology (ETH), Zurich, Switzerland},
  year = {2001},
  number = {103}
}

@TECHREPORT{zitzler2002,
  author = {Eckart Zitzler and Lothar Thiele and Marco Laumanns and Carlos M. Fonseca and Viviane Grunert da Fonseca},
  title = {Performance Assessment of Multiobjective Optimizers: An Analysis and Review},
  institution = {Institut für Technische Informatik und Kommunikationsnetze, ETH Zürich},
  year = {2002},
  number = {139}
}

%%%%%%%%%%%%%%%%%%%%%%%%%%%%%%%%%%%%%%%%%%%%%%%%%%%%%%%%%%
%% Below is a description of all fields recognized by the standard
%% bibliography styles.  An entry can also contain other fields, which
%% are ignored by those styles.

%% address
%% Usually the address of the publisher or other type of institution.
%% For major publishing houses, van Leunen recommends omitting the
%% information entirely. For small publishers, on the other hand, you
%% can help the reader by giving the complete address.

%% annote
%% An annotation.  It is not used by the standard bibliography styles,
%% but may be used by others that produce an annotated bibliography.

%% author
%% The name(s) of the author(s),
%% in the format described in the \LaTeX\ book.

%% booktitle
%% Title of a book, part of which is being cited.  See the \LaTeX\
%% book for how to type titles.  For book entries, use the title field
%% instead.

%% chapter
%% A chapter (or section or whatever) number.

%% crossref
%% The database key of the entry being cross referenced.

%% edition
%% The edition of a book---for example, ``Second''.  This should be an
%% ordinal, and should have the first letter capitalized, as shown
%% here; the standard styles convert to lower case when necessary.

%% editor
%% Name(s) of editor(s), typed as indicated in the \LaTeX\ book.  If
%% there is also an author field, then the editor field gives the
%% editor of the book or collection in which the reference appears.

%% howpublished
%% How something strange has been published.  The first word should be
%% capitalized.

%% institution
%% The sponsoring institution of a technical report.

%% journal
%% A journal name.  Abbreviations are provided for many journals; see
%% the Local Guide.

%% key
%% Used for alphabetizing, cross referencing, and creating a label
%% when the ``author'' information (described in Section
%% odds-and-ends) is missing.  This field should not be confused with
%% the key that appears in the \cite command and at the beginning of
%% the database entry.

%% month
%% The month in which the work was published or, for an unpublished
%% work, in which it was written.  You should use the standard
%% three-letter abbreviation, as described in Appendix B.1.3 of the
%% \LaTeX\ book.

%% note
%% Any additional information that can help the reader.  The first
%% word should be capitalized.

%% number
%% The number of a journal, magazine, technical report, or of a work
%% in a series.  An issue of a journal or magazine is usually
%% identified by its volume and number; the organization that issues a
%% technical report usually gives it a number; and sometimes books are
%% given numbers in a named series.

%% organization
%% The organization that sponsors a conference or that publishes a
%% manual.

%% pages
%% One or more page numbers or range of numbers, such as 42--111 or
%% 7,41,73--97 or 43+ (the `+' in this last example indicates pages
%% following that don't form a simple range).  To make it easier to
%% maintain Scribe-compatible databases, the standard styles convert a
%% single dash (as in 7-33) to the double dash used in \TeX\ to denote
%% number ranges (as in 7--33}).

%% publisher
%% The publisher's name.

%% school
%% The name of the school where a thesis was written.

%% series
%% The name of a series or set of books.  When citing an entire book,
%% the the title field gives its title and an optional series field
%% gives the name of a series or multi-volume set in which the book is
%% published.

%% title
%% The work's title, typed as explained in the \LaTeX\ book.

%% type
%% The type of a technical report---for example, ``Research Note''.

%% volume
%% The volume of a journal or multivolume book.

%% year
%% The year of publication or, for an unpublished work, the year it
%% was written.  Generally it should consist of four numerals, such as
%% 1984, although the standard styles can handle any year whose last
%% four nonpunctuation characters are numerals, such as about 1984.
%%%%%%%%%%%%%%%%%%%%%%%%%%%%%%%%%%%%%%%%%%%%%%%%%%%%%%%%%%
